@article{robotic_cars,
 author = {Thrun, Sebastian},
 title = {Toward robotic cars},
 journal = {Commun. ACM},
 issue_date = {April 2010},
 volume = {53},
 issue = {4},
 month = {April},
 year = {2010},
 issn = {0001-0782},
 pages = {99--106},
 numpages = {8},
 url = {http://doi.acm.org/10.1145/1721654.1721679},
 doi = {http://doi.acm.org/10.1145/1721654.1721679},
 acmid = {1721679},
 publisher = {ACM},
 address = {New York, NY, USA},
}

@article{bossx,
   author = "Christopher Urmson and Joshua Anhalt and Hong Bae and J. Andrew (Drew) Bagnell and Christopher Baker and RobertE Bittner and Thomas Brown and M. N. Clark and Michael Darms and Daniel Demitrish and JohnM Dolan and David Duggins and David Ferguson and Tugrul Galatali and ChristopherM Geyer and Michele Gittleman and Sam Harbaugh and Martial Hebert and Thomas Howard and Sascha Kolski and Maxim Likhachev and Bakhtiar Litkouhi and Alonzo Kelly and Matthew McNaughton and Nick Miller and Jim Nickolaou and Kevin Peterson and Brian Pilnick and Ragunathan Rajkumar and Paul Rybski and Varsha Sadekar and Bryan Salesky and Young-Woo Seo and Sanjiv Singh and JarrodM Snider and JoshuaC Struble and Anthony(Tony) Stentz and Michael {Taylor } and William (Red)L. Whittaker and Ziv Wolkowicki and Wende Zhang and Jason Ziglar",
   editor = "Martin Buehler, Karl Lagnemma, Sanjiv Singh",
   title = "Autonomous driving in urban environments: Boss and the Urban Challenge",
   journal = "Journal of Field Robotics Special Issue on the 2007 DARPA Urban Challenge, Part I",
   pages = "425-466",
   publisher = "Wiley InterScience",
   month = "June",
   year = "2008",
   volume = "25",
   number = "1",
}

@article{fuzzy,
title = "Fuzzy control to drive car-like vehicles",
journal = "Robotics and Autonomous Systems",
volume = "34",
number = "1",
pages = "1 - 22",
year = "2001",
note = "",
issn = "0921-8890",
doi = "DOI: 10.1016/S0921-8890(00)00096-8",
url = "http://www.sciencedirect.com/science/article/B6V16-41TMTBK-1/2/3c0b836304f393cd2be5cf34683b624a",
author = "Th. Fraichard and Ph. Garnier",
keywords = "Motion autonomy",
keywords = "Mobile robot",
keywords = "Control architecture",
keywords = "Fuzzy logic",
keywords = "Automated learning"
}

@article{hyperstar,
title = "Hyperstar: A multi-path Astar algorithm for risk averse vehicle navigation",
journal = "Transportation Research Part B: Methodological",
volume = "43",
number = "1",
pages = "97 - 107",
year = "2009",
note = "",
issn = "0191-2615",
doi = "DOI: 10.1016/j.trb.2008.05.010",
url = "http://www.sciencedirect.com/science/article/B6V99-4T1X29G-1/2/b8e056fe0ed688f56b0e3f502185ca71",
author = "Michael G.H. Bell",
keywords = "Robust route guidance",
keywords = "Vehicle navigation",
keywords = "Uncertain networks"
}

